<?xml version="1.0" encoding="UTF-8"?><collection xmlns="http://www.loc.gov/MARC21/slim"><record><leader>00436nam--2200157-i-4500</leader><controlfield tag="001">000008154</controlfield><controlfield tag="002">20161230</controlfield><controlfield tag="005">20170305215253</controlfield><controlfield tag="008">060222s1000------------r-----000-0-eng-d</controlfield><datafield ind1=" " ind2=" " tag="100"><subfield code="a">Claringbull, G. F</subfield></datafield><datafield ind1=" " ind2=" " tag="245"><subfield code="a">Crystal structure of minerals. With a chapter by ..</subfield></datafield><datafield ind1=" " ind2=" " tag="260"><subfield code="a">London</subfield><subfield code="b">G.Bell And Sons Ltd</subfield><subfield code="c">1965</subfield></datafield><datafield ind1=" " ind2=" " tag="300"><subfield code="a">IX + 409 p</subfield></datafield><datafield ind1=" " ind2=" " tag="490"><subfield code="a">The Crystalline State</subfield></datafield><datafield ind1=" " ind2=" " tag="700"><subfield code="a">Bragg, Lawrence</subfield></datafield><datafield ind1=" " ind2=" " tag="CAT"><subfield code="a">SYS</subfield><subfield code="c">20170305</subfield><subfield code="h">215253</subfield></datafield></record></collection>